@book{lawson2018,
  title     = {Design and Analysis of Experiments},
  author    = {Lawson, John E},
  year      = {2018},
  publisher = {Chapman and Hall/CRC},
  edition   = {1st},
  url       = {https://www.taylorfrancis.com/books/mono/10.1201/b17883/design-analysis-experiments-john-lawson}
}

 @book{meier2022,
  title     = {ANOVA and mixed models: A short introduction using R},
  url       = {https://www.taylorfrancis.com/books/mono/10.1201/9781003146216/anova-mixed-models-lukas-meier},
  publisher = {Chapman and Hall/CRC},
  author    = {Lukas Meier},
  year      = {2022},
  month     = {Nov}
} 